<record><leader>00000cas a22000007a 4500</leader><controlfield tag="001">19752327</controlfield><controlfield tag="008">890523d18801920mouwr ne      0    0eng d</controlfield><datafield ind1=" " ind2=" " tag="010"><subfield code="a">sn 89066571 </subfield></datafield><datafield ind1=" " ind2=" " tag="040"><subfield code="a">MQN</subfield><subfield code="b">eng</subfield><subfield code="c">MQN</subfield><subfield code="d">OCLCQ</subfield></datafield><datafield ind1=" " ind2=" " tag="042"><subfield code="a">msc</subfield></datafield><datafield ind1="0" ind2=" " tag="130"><subfield code="a">Canton news (Canton, Mo. : 1880)</subfield></datafield><datafield ind1="1" ind2="4" tag="245"><subfield code="a">The Canton news.</subfield></datafield><datafield ind1=" " ind2=" " tag="260"><subfield code="a">Canton, Mo. :</subfield><subfield code="b">H.C. Chinn</subfield></datafield><datafield ind1=" " ind2=" " tag="300"><subfield code="a">v.</subfield></datafield><datafield ind1=" " ind2=" " tag="310"><subfield code="a">Weekly</subfield></datafield><datafield ind1="1" ind2=" " tag="362"><subfield code="a">Began in 1880? Ceased in Jan. 1920.</subfield></datafield><datafield ind1=" " ind2=" " tag="588"><subfield code="a">Description based on: Vol. 10, no. 6 (Mar. 22, 1889) = Whole no. 474.</subfield></datafield><datafield ind1=" " ind2="4" tag="651"><subfield code="a">Canton (Mo.)</subfield><subfield code="v">Newspapers.</subfield></datafield><datafield ind1=" " ind2=" " tag="752"><subfield code="a">United States</subfield><subfield code="b">Missouri</subfield><subfield code="c">Lewis</subfield><subfield code="d">Canton.</subfield></datafield><datafield ind1="0" ind2="0" tag="785"><subfield code="t">Mississippi sawyer (Canton, Mo.)</subfield><subfield code="w">(DLC)sn 90061504</subfield></datafield><datafield ind1="1" ind2=" " tag="029"><subfield code="a">AU@</subfield><subfield code="b">000020562185</subfield></datafield></record>